A211461               PM ENGENHEIRO CALDAS237BANCO BRADESCO S/A  2010070600066903                                                                     
G1121-5 07-18 06270-720100705201007078194000000000011461201007173343000000050195800000000000100001300000000423711215100076401668                      
Z00000600000000000004491                                                                                                                              
